@article{andrychowicz2017hindsight,
  title={Hindsight experience replay},
  author={Andrychowicz, Marcin and Wolski, Filip and Ray, Alex and Schneider, Jonas and Fong, Rachel and Welinder, Peter and McGrew, Bob and Tobin, Josh and Abbeel, Pieter and Zaremba, Wojciech},
  journal={arXiv preprint arXiv:1707.01495},
  year={2017}
}

@article{aubret2019survey,
  title={A survey on intrinsic motivation in reinforcement learning},
  author={Aubret, Arthur and Matignon, Laetitia and Hassas, Salima},
  journal={arXiv preprint arXiv:1908.06976},
  year={2019}
}

@inproceedings{bacon2017option,
  title={The option-critic architecture},
  author={Bacon, Pierre-Luc and Harb, Jean and Precup, Doina},
  booktitle={Proceedings of the AAAI Conference on Artificial Intelligence},
  volume={31},
  number={1},
  year={2017}
}

@article{bellemare2013arcade,
  title={The arcade learning environment: An evaluation platform for general agents},
  author={Bellemare, Marc G and Naddaf, Yavar and Veness, Joel and Bowling, Michael},
  journal={Journal of Artificial Intelligence Research},
  volume={47},
  pages={253--279},
  year={2013}
}

@inproceedings{barto2004intrinsically,
  title={Intrinsically motivated learning of hierarchical collections of skills},
  author={Barto, Andrew G and Singh, Satinder and Chentanez, Nuttapong},
  booktitle={Proceedings of the 3rd International Conference on Development and Learning},
  pages={112--19},
  year={2004},
  organization={Piscataway, NJ}
}

@incollection{barto2013intrinsic,
  title={Intrinsic motivation and reinforcement learning},
  author={Barto, Andrew G},
  booktitle={Intrinsically motivated learning in natural and artificial systems},
  pages={17--47},
  year={2013},
  publisher={Springer}
}

@article{burda2018exploration,
  title={Exploration by random network distillation},
  author={Burda, Yuri and Edwards, Harrison and Storkey, Amos and Klimov, Oleg},
  journal={arXiv preprint arXiv:1810.12894},
  year={2018}
}

@article{gregor2016variational,
  title={Variational intrinsic control},
  author={Gregor, Karol and Rezende, Danilo Jimenez and Wierstra, Daan},
  journal={arXiv preprint arXiv:1611.07507},
  year={2016}
}

@article{huang2019learning,
  title={Learning gentle object manipulation with curiosity-driven deep reinforcement learning},
  author={Huang, Sandy H and Zambelli, Martina and Kay, Jackie and Martins, Murilo F and Tassa, Yuval and Pilarski, Patrick M and Hadsell, Raia},
  journal={arXiv preprint arXiv:1903.08542},
  year={2019}
}

@inproceedings{levy2019learning,
  title={Learning multi-level hierarchies with hindsight},
  author={Levy, Andrew and Konidaris, George and Platt, Robert and Saenko, Kate},
  booktitle={Proceedings of International Conference on Learning Representations},
  year={2019}
}

@article{lillicrap2015continuous,
  title={Continuous control with deep reinforcement learning},
  author={Lillicrap, Timothy P and Hunt, Jonathan J and Pritzel, Alexander and Heess, Nicolas and Erez, Tom and Tassa, Yuval and Silver, David and Wierstra, Daan},
  journal={arXiv preprint arXiv:1509.02971},
  year={2015}
}

@article{mnih2015human,
  title={Human-level control through deep reinforcement learning},
  author={Mnih, Volodymyr and Kavukcuoglu, Koray and Silver, David and Rusu, Andrei A and Veness, Joel and Bellemare, Marc G and Graves, Alex and Riedmiller, Martin and Fidjeland, Andreas K and Ostrovski, Georg and others},
  journal={nature},
  volume={518},
  number={7540},
  pages={529--533},
  year={2015},
  publisher={Nature Publishing Group}
}

@misc{raffin2019decoupling,
      title={Decoupling feature extraction from policy learning: assessing benefits of state representation learning in goal based robotics}, 
      author={Antonin Raffin and Ashley Hill and René Traoré and Timothée Lesort and Natalia Díaz-Rodríguez and David Filliat},
      year={2019},
      eprint={1901.08651},
      archivePrefix={arXiv},
      primaryClass={cs.LG}
}

@article{singh2010intrinsically,
  title={Intrinsically motivated reinforcement learning: An evolutionary perspective},
  author={Singh, Satinder and Lewis, Richard L and Barto, Andrew G and Sorg, Jonathan},
  journal={IEEE Transactions on Autonomous Mental Development},
  volume={2},
  number={2},
  pages={70--82},
  year={2010},
  publisher={IEEE}
}

@article{sutton1999between,
  title={Between MDPs and semi-MDPs: A framework for temporal abstraction in reinforcement learning},
  author={Sutton, Richard S and Precup, Doina and Singh, Satinder},
  journal={Artificial intelligence},
  volume={112},
  number={1-2},
  pages={181--211},
  year={1999},
  publisher={Elsevier}
}

@misc{sutton2000policy,
  title={Policy gradient methods for reinforcement learning with function approximation. NIPS-12},
  author={Sutton, Richard S and McAllester, David and Singh, Satinder and Mansour, Yishay},
  year={2000},
  publisher={MIT Press}
}

@article{thomas2017independently,
  title={Independently controllable features},
  author={Thomas, Valentin and Pondard, Jules and Bengio, Emmanuel and Sarfati, Marc and Beaudoin, Philippe and Meurs, Marie-Jean and Pineau, Joelle and Precup, Doina and Bengio, Yoshua},
  journal={arXiv preprint arXiv:1708.01289},
  year={2017}
}

@inproceedings{vezhnevets2017feudal,
  title={Feudal networks for hierarchical reinforcement learning},
  author={Vezhnevets, Alexander Sasha and Osindero, Simon and Schaul, Tom and Heess, Nicolas and Jaderberg, Max and Silver, David and Kavukcuoglu, Koray},
  booktitle={International Conference on Machine Learning},
  pages={3540--3549},
  year={2017},
  organization={PMLR}
}

@article{watkins1992q,
  title={Q-learning},
  author={Watkins, Christopher JCH and Dayan, Peter},
  journal={Machine learning},
  volume={8},
  number={3-4},
  pages={279--292},
  year={1992},
  publisher={Springer}
}